@inproceedings{cppCheckMan,
  title={Cppcheck manual},
  author={Cppcheck team}
}